@online{stepic,
  title        = "Stepic, an educational engine",
  url          = {https://stepic.org},
  eprint       = "https://stepic.org",
}
@online{plugins:doc,
  title        = "Документация API",
  url          = {https://readthedocs.org/projects/stepic-plugins},
  eprint       = "https://readthedocs.org/projects/stepic-plugins",
}
@online{plugins:repo,
  title        = "Репозиторий с упражнениями",
  url          = {https://github.com/StepicOrg/stepic-plugins},
  eprint       = "https://github.com/StepicOrg/stepic-plugins",
}


@book{saturday_is_monday,
  author    = "Стругацкий, А.Н. and Стругацкий, Б.Н.",
  title     = "Понедельник начинается в субботу",
  address   = "М.",
  editor    = "Иванов",
  publisher = "Детская литература",
  year      = 1965,
  language  = "russian"
}
@book{book:fourier,
  title      = {Ряды и интеграл Фурье: Теория поля. Аналитические и специальные функции. Преобразование Лапласа},
  author     = {Кожевников, Н.И. and Краснощекова, Т.И. and Шишкин, Н.Е.},
  lccn       = {66051327},
  series     = {Избранные главы высшей математики для инженеров и студентов втузов. Задачи и упражнения},
  url        = {http://books.google.ru/books?id=xvXuAAAAMAAJ},
  year       = {1964},
  publisher  = {Наука},
  eprint     = {http://books.google.ru/books?id=xvXuAAAAMAAJ},
  eprinttype = {Google Books}
}
